@article{borghetto_comparative_2010,
 author = {Borghetto, Enrico and Carammia, Marcello},
 copyright = {All rights reserved},
 doi = {10.1426/32331},
 issn = {0048-8402},
 journal = {Rivista italiana di scienza politica},
 number = {2/2010},
 shorttitle = {The comparative analysis of policy agendas},
 title = {The comparative analysis of policy agendas: the Comparative Agendas Project},
 year = {2010}
}

