@unpublished{borghetto_respect_2007,
 address = {URGE Working Paper 7/2007},
 author = {Borghetto, Enrico},
 copyright = {All rights reserved},
 file = {Borghetto_2007_The Respect of Transposition Deadlines.pdf:C\:\\Users\\Enrico Borghetto\\Documents\\Academia\≈Åibrary Zotero\\storage\\FM5K77F9\\Borghetto_2007_The Respect of Transposition Deadlines.pdf:application/pdf},
 title = {The Respect of Transposition Deadlines: do Political Priorities Matter?},
 year = {2007}
}

