@article{borghetto_lanalisi_2010,
 author = {Borghetto, Enrico and Carammia, Marcello},
 copyright = {All rights reserved},
 file = {Borghetto and Carammia - 2010 - L’analisi comparata delle agende politiche il Com.pdf:C\:\\Users\\Enrico Borghetto\\Documents\\Academia\Łibrary Zotero\\storage\\IBNG4KHP\\Borghetto and Carammia - 2010 - L’analisi comparata delle agende politiche il Com.pdf:application/pdf},
 journal = {Rivista Italiana di Scienza Politica},
 number = {Agosto 2010},
 pages = {301--315},
 title = {L’analisi comparata delle agende politiche: il Comparative Agendas Project},
 volume = {2},
 year = {2010}
}

