@article{borghetto_review_2019,
 author = {Borghetto, Enrico},
 copyright = {All rights reserved},
 doi = {https://doi.org/10.31447/as00032573.2019233.13},
 file = {Borghetto_2019_Review Ensaios de Política Comparada de Giovanni Sartori.pdf:C\:\\Users\\Enrico Borghetto\\Documents\\Academia\Łibrary Zotero\\storage\\WAAZBNIZ\\Borghetto_2019_Review Ensaios de Política Comparada de Giovanni Sartori.pdf:application/pdf},
 journal = {Analise Social},
 number = {4},
 pages = {899--902},
 title = {Review "Ensaios de Política Comparada de Giovanni Sartori"},
 volume = {233},
 year = {2019}
}

