@article{borghetto_challenger_2018,
 author = {Borghetto, Enrico},
 copyright = {Copyright (c) 2018 Italian Political Science},
 file = {Borghetto_2018_Challenger parties in Parliament.pdf:C\:\\Users\\Enrico Borghetto\\Documents\\Academia\≈Åibrary Zotero\\storage\\A4BXXQ3J\\Borghetto_2018_Challenger parties in Parliament.pdf:application/pdf},
 issn = {2420-8434},
 journal = {Italian Political Science},
 keywords = {opposition, parliament, italy, m5s, oral questions},
 language = {en},
 number = {3},
 pages = {19--32},
 shorttitle = {Challenger parties in Parliament},
 title = {Challenger parties in Parliament: the case of the Italian Five Star Movement},
 url = {http://italianpoliticalscience.com/index.php/ips/article/view/85},
 urldate = {2019-03-18},
 volume = {13},
 year = {2018}
}

