@article{borghetto_party_2020,
 abstract = {Cabinets are the engine of policy change in parliamentary systems. Yet, we still know little about how cabinets micro-manage the content of their multifaceted a...},
 author = {Borghetto, Enrico and Belchior, Ana Maria},
 copyright = {All rights reserved},
 doi = {10.1177/0032321718820738},
 file = {Borghetto_Belchior_2020_Party Manifestos, Opposition and Media as Determinants of the Cabinet Agenda.pdf:C\:\\Users\\Enrico Borghetto\\Documents\\Academia\≈Åibrary Zotero\\storage\\J244TD7U\\Borghetto_Belchior_2020_Party Manifestos, Opposition and Media as Determinants of the Cabinet Agenda.pdf:application/pdf},
 journal = {Political Studies},
 language = {en},
 number = {1},
 pages = {37--53},
 shorttitle = {Party Manifestos, Opposition and Media as Determinants of the Cabinet Agenda},
 title = {Party Manifestos, Opposition and Media as Determinants of the Cabinet Agenda},
 url = {https://journals.sagepub.com/doi/abs/10.1177/0032321718820738},
 urldate = {2019-06-04},
 volume = {68},
 year = {2020}
}

